[gd_scene load_steps=6 format=2]

[ext_resource path="res://assets/tileset.tres" type="TileSet" id=1]
[ext_resource path="res://maps/TitleMap.gd" type="Script" id=2]
[ext_resource path="res://environment/Door.tscn" type="PackedScene" id=4]
[ext_resource path="res://characters/Orc.tscn" type="PackedScene" id=10]
[ext_resource path="res://environment/Crate.tscn" type="PackedScene" id=11]

[node name="TitleMap" type="Node2D"]
script = ExtResource( 2 )

[node name="Tilemaps" type="Node2D" parent="."]

[node name="Floor" type="TileMap" parent="Tilemaps"]
tile_set = ExtResource( 1 )
cell_size = Vector2( 16, 16 )
format = 1
tile_data = PoolIntArray( 327686, 0, 0, 327687, 32, 65536, 327688, 0, 0, 327689, 0, 0, 327690, 0, 0, 327691, 0, 0, 327692, 0, 0, 327693, 0, 0, 393222, 0, 0, 393223, 0, 0, 393224, 0, 0, 393225, 0, 0, 393226, 0, 0, 393227, 0, 0, 393228, 0, 0, 393229, 0, 0, 458758, 0, 0, 458759, 0, 0, 458760, 0, 0, 458761, 0, 0, 458762, 0, 0, 458763, 0, 0, 458764, 0, 0, 458765, 0, 0 )

[node name="Walls" type="TileMap" parent="Tilemaps"]
tile_set = ExtResource( 1 )
cell_size = Vector2( 16, 16 )
cell_y_sort = true
collision_bounce = 0.2
format = 1
tile_data = PoolIntArray( 262150, 4, 0, 262151, 32, 0, 262152, 13, 0, 262155, 31, 0, 262156, 13, 0, 262157, 5, 0, 327686, 9, 0, 327688, 37, 0, 327693, 10, 0, 458758, 6, 0, 458759, 13, 0, 458760, 13, 0, 458761, 13, 0, 458762, 13, 0, 458763, 13, 0, 458764, 13, 0, 458765, 14, 0 )

[node name="Tops" type="TileMap" parent="Tilemaps"]
z_index = 1
tile_set = ExtResource( 1 )
cell_size = Vector2( 16, 16 )
format = 1
tile_data = PoolIntArray( 196614, 7, 0, 196615, 3, 0, 196620, 3, 0, 196621, 8, 0, 393222, 11, 0, 393223, 3, 0, 393224, 3, 0, 393225, 3, 0, 393226, 3, 0, 393227, 3, 0, 393228, 3, 0, 393229, 12, 0 )

[node name="Objects" type="Node2D" parent="."]

[node name="YSort" type="YSort" parent="."]

[node name="Crate" parent="YSort" instance=ExtResource( 11 )]
position = Vector2( 200, 96 )

[node name="Door" parent="YSort" instance=ExtResource( 4 )]
position = Vector2( 160, 80 )

[node name="Orc" parent="YSort" instance=ExtResource( 10 )]
position = Vector2( 160, 104 )
orc_appearance = 2
speed = 25.0
[connection signal="door_toggled" from="YSort/Door" to="." method="_on_Door_door_toggled"]
